%! Author = chenmeng
%! Date = 2022/1/29

@misc{g1,
  note = "「如是我聞(SA/DA)；我聞如是(MA)；聞如是(AA)」，南傳作「像這樣被我聽聞」(Evaṃ me sutaṃ，逐字譯為「如是-我-聞」)，菩提比丘長老英譯為「這樣我聽到」(Thus have I heard)。「如是我聞……歡喜奉行。」的經文格式，依印順法師的考定，應該是在《增一阿含》或《增支部》成立的時代才形成的(《原始佛教聖典之集成》p.9)，南傳《相應部》多數經只簡略地指出發生地點，應該是比較早期的風貌。"
}